%% This BibTeX bibliography file was created using BibDesk.
%% http://bibdesk.sourceforge.net/


%% Created for Ken Wakita at 2013-06-18 17:41:53 +0900


%% Saved with string encoding Unicode (UTF-8)

@inproceedings{Agha:2004aa,
  Author = {Gul Agha and Prasanna Thati},
  Booktitle = {From Object-Orientation to Formal Methods},
  Pages = {26--57},
  Publisher = {Springer-Verlag},
  Series = {Lecture Notes in Computer Science},
  Title = {{An Algebraic Theory of Actors and Its Application to a Simple Object-Based Language}},
  Volume = {2635},
  Year = {2004}}

@book{actor,
  author    = {Gul A. Agha},
  title     = {ACTORS - A Model of Concurrent Computation in Distributed
               Systems},
  publisher = {MIT Press},
  series    = {MIT Press series in artificial intelligence},
  year      = {1990},
  isbn      = {978-0-262-01092-4},
  pages     = {I-IX, 1-144},
  bibsource = {DBLP, http://dblp.uni-trier.de}
}

@book{Milner:pi,
 author = {Milner, Robin},
 title = {Communicating and Mobile Systems: The $\pi$-calculus},
 year = {1999},
 isbn = {0-521-65869-1},
 publisher = {Cambridge University Press},
 address = {New York, NY, USA},
}
@misc{PolyadicPi,
  Author = {Robin Milner},
  Title = {The Polyadic \pi -Calculus: a Tutorial},
  Year = {1991}}

@misc{fourcolors,
  Author = {Georges Gonthier},
  Title = {{A computer-checked proof of the Four Colour Theorem}},
  Year = {2004}}

@unpublished{fourcolor,
  author = {Georges Gonthier},
  title = {{A computer-checked proof of the Four-Colour Theorem}},
  year = {2004},
  keywords = {graph coloring problem, theoretical analyses},
  url = {http://research.microsoft.com/~gonthier/}
}

@inproceedings{fourcolor2,
  author    = {Georges Gonthier},
  title     = {The Four Colour Theorem: Engineering of a Formal Proof},
  booktitle = {ASCM},
  year      = {2007},
  pages     = {333},
  ee        = {http://dx.doi.org/10.1007/978-3-540-87827-8_28},
  bibsource = {DBLP, http://dblp.uni-trier.de}}

@misc{Coq,
title = {{The Coq Proof Assistant}},
howpublished = "\texttt{http://coq.inria.fr/}"}


@inproceedings{W90,
	Address = {Tokyo},
	Author = {和田久美子},
	Booktitle = {Proc. KL1 Programming Workshop '90},
	Date-Added = {2013-06-18 08:09:35 +0000},
	Date-Modified = {2013-06-18 08:40:50 +0000},
	Organization = {{ICOT}},
	Pages = {42--49},
	Title = {スプレイ木の並列データ探索},
	Year = {1990},
	Yomi = {Kumiko Wada}}

@article{T85,
	Author = {Tarjan, R. E.},
	Date-Added = {2013-06-18 08:08:36 +0000},
	Date-Modified = {2013-06-18 08:09:33 +0000},
	Journal = {{SIAM} J. Alg. Disc. Math.},
	Number = {2},
	Pages = {306--318},
	Title = {Amortized Computational Complexity},
	Volume = {6},
	Year = {1990}}

@article{S89,
	Author = {E. Shapiro},
	Date-Added = {2013-06-18 08:07:49 +0000},
	Date-Modified = {2013-06-18 08:40:18 +0000},
	Journal = {{ACM} Computing Surveys},
	Number = {3},
	Pages = {413--510},
	Title = {The Family of Concurrent Logic Programming Languages},
	Volume = {21},
	Year = {1989}}

@article{ST85,
	Author = {Sleator, D. D. and Tarjan, R. E.},
	Date-Added = {2013-06-18 08:06:46 +0000},
	Date-Modified = {2013-06-18 08:07:46 +0000},
	Journal = {{J. ACM}},
	Number = {3},
	Pages = {652--686},
	Title = {Self-Adjusting Binary Search Trees},
	Volume = {32},
	Year = {1985}}

@inproceedings{LS86,
	Author = {Lanin, V. and Shasha, D.},
	Booktitle = {Proc. 1986 Fall Joint Computer Conference},
	Date-Added = {2013-06-18 08:04:45 +0000},
	Date-Modified = {2013-06-18 08:41:53 +0000},
	Organization = {{IEEE}},
	Pages = {380--389},
	Title = {A Symmetric Concurrent B-Tree Algorithm},
	Year = {1986}}
