%% This BibTeX bibliography file was created using BibDesk.
%% http://bibdesk.sourceforge.net/


%% Created for Ken Wakita at 2013-06-18 17:41:53 +0900


%% Saved with string encoding Unicode (UTF-8)

@article{Affeldt200817,
title = "A Coq Library for Verification of Concurrent Programs ",
journal = "Electronic Notes in Theoretical Computer Science ",
volume = "199",
number = "0",
pages = "17 - 32",
year = "2008",
note = "Proceedings of the Fourth International Workshop on Logical Frameworks and Meta-Languages (LFM 2004) ",
issn = "1571-0661",
doi = "http://dx.doi.org/10.1016/j.entcs.2007.11.010",
url = "http://www.sciencedirect.com/science/article/pii/S1571066108000765",
author = "Reynald Affeldt and Naoki Kobayashi",
keywords = "Proof assistant",
keywords = "Coq",
keywords = "concurrent programs",
keywords = "pi-calculus ",
abstract = "Thanks to recent advances, modern proof assistants now enable verification of realistic sequential programs. However, regarding the concurrency paradigm, previous work essentially focused on formalization of abstract systems, such as pure concurrent calculi, which are too minimal to be realistic. In this paper, we propose a library that enables verification of realistic concurrent programs in the Coq proof assistant. Our approach is based on an extension of the π-calculus whose encoding enables such programs to be modeled conveniently. This encoding is coupled with a specification language akin to spatial logics, including in particular a notion of fairness, which is important to write satisfactory specifications for realistic concurrent programs. In order to facilitate formal proof, we propose a collection of lemmas that can be reused in the context of different verifications. Among these lemmas, the most effective for simplifying the proof task take advantage of confluence properties. In order to evaluate feasibility of verification of concurrent programs using this library, we perform verification for a non-trivial application. "
}

@techreport{Clinger:1981aa,
	Author = {William D. Clinger},
	Date-Added = {2014-07-22 09:56:37 +0000},
	Date-Modified = {2014-07-22 09:59:07 +0000},
	Institution = {AI Lab., MIT},
	Keywords = {actor, semantics, powerdomain},
	Number = {AITR-633},
	Title = {Foundations of Actor Semantics},
	Url = {http://dspace.mit.edu/handle/1721.1/6935},
	Year = {1981},
	Bdsk-File-1 = {YnBsaXN0MDDUAQIDBAUGJCVYJHZlcnNpb25YJG9iamVjdHNZJGFyY2hpdmVyVCR0b3ASAAGGoKgHCBMUFRYaIVUkbnVsbNMJCgsMDxJXTlMua2V5c1pOUy5vYmplY3RzViRjbGFzc6INDoACgAOiEBGABIAFgAdccmVsYXRpdmVQYXRoWWFsaWFzRGF0YV8QMVBhcGVycy9DbGluZ2VyL0ZvdW5kYXRpb25zIG9mIEFjdG9yIFNlbWFudGljcy5wZGbSFwsYGVdOUy5kYXRhTxEB9gAAAAAB9gACAAAHR3J5cGhvbgAAAAAAAAAAAAAAAAAAAAAAAAAAznheSEgrAAABlIIAH0ZvdW5kYXRpb25zIG9mIEFjdG8jMTk0ODFBMC5wZGYAAAAAAAAAAAAAAAAAAAAAAAAAAAAAAAAAAAAAAAAAAAGUgaDP9GTlAAAAAAAAAAAAAQAEAAAJIAAAAAAAAAAAAAAAAAAAAAdDbGluZ2VyAAAQAAgAAM5337gAAAARAAgAAM/z5lUAAAABABgBlIIAACGeYwAhAwgAIQLUAAT6xAACEnUAAgBaR3J5cGhvbjpVc2VyczoAdGFrdW86AERyb3Bib3g6AERvY3VtZW50czoAUGFwZXJzOgBDbGluZ2VyOgBGb3VuZGF0aW9ucyBvZiBBY3RvIzE5NDgxQTAucGRmAA4ARgAiAEYAbwB1AG4AZABhAHQAaQBvAG4AcwAgAG8AZgAgAEEAYwB0AG8AcgAgAFMAZQBtAGEAbgB0AGkAYwBzAC4AcABkAGYADwAQAAcARwByAHkAcABoAG8AbgASAE9Vc2Vycy90YWt1by9Ecm9wYm94L0RvY3VtZW50cy9QYXBlcnMvQ2xpbmdlci9Gb3VuZGF0aW9ucyBvZiBBY3RvciBTZW1hbnRpY3MucGRmAAATAAEvAAAVAAIADP//AACABtIbHB0eWiRjbGFzc25hbWVYJGNsYXNzZXNdTlNNdXRhYmxlRGF0YaMdHyBWTlNEYXRhWE5TT2JqZWN00hscIiNcTlNEaWN0aW9uYXJ5oiIgXxAPTlNLZXllZEFyY2hpdmVy0SYnVHJvb3SAAQAIABEAGgAjAC0AMgA3AEAARgBNAFUAYABnAGoAbABuAHEAcwB1AHcAhACOAMIAxwDPAskCywLQAtsC5ALyAvYC/QMGAwsDGAMbAy0DMAM1AAAAAAAAAgEAAAAAAAAAKAAAAAAAAAAAAAAAAAAAAzc=}}

@inproceedings{Musser:2013aa,
	Author = {David R. Musser and Carlos A. Varela},
	Booktitle = {Workshop on Programming based on Actors, Agents, and Decentralized Control (AGERE!@SPLASH 2013)},
	Date-Added = {2014-07-22 07:48:13 +0000},
	Date-Modified = {2014-07-22 07:50:33 +0000},
	Doi = {10.1145/2541329.2541334},
	Keywords = {actor, verification, Athena},
	Month = {oct},
	Pages = {37--48},
	Publisher = {ACM},
	Title = {Structured Reasoning About Actor Systems},
	Year = {2013},
	Bdsk-File-1 = {YnBsaXN0MDDUAQIDBAUGJCVYJHZlcnNpb25YJG9iamVjdHNZJGFyY2hpdmVyVCR0b3ASAAGGoKgHCBMUFRYaIVUkbnVsbNMJCgsMDxJXTlMua2V5c1pOUy5vYmplY3RzViRjbGFzc6INDoACgAOiEBGABIAFgAdccmVsYXRpdmVQYXRoWWFsaWFzRGF0YV8QOlBhcGVycy9NdXNzZXIvU3RydWN0dXJlZCBSZWFzb25pbmcgQWJvdXQgQWN0b3IgU3lzdGVtcy5wZGbSFwsYGVdOUy5kYXRhTxECEAAAAAACEAACAAAHR3J5cGhvbgAAAAAAAAAAAAAAAAAAAAAAAAAAznheSEgrAAABlHCkH1N0cnVjdHVyZWQgUmVhc29uaW4jMTk0NzBBMi5wZGYAAAAAAAAAAAAAAAAAAAAAAAAAAAAAAAAAAAAAAAAAAAGUcKLP9EbhAAAAAAAAAAAAAQAEAAAJIAAAAAAAAAAAAAAAAAAAAAZNdXNzZXIAEAAIAADOd9+4AAAAEQAIAADP88hRAAAAAQAYAZRwpAAhnmMAIQMIACEC1AAE+sQAAhJ1AAIAWUdyeXBob246VXNlcnM6AHRha3VvOgBEcm9wYm94OgBEb2N1bWVudHM6AFBhcGVyczoATXVzc2VyOgBTdHJ1Y3R1cmVkIFJlYXNvbmluIzE5NDcwQTIucGRmAAAOAFoALABTAHQAcgB1AGMAdAB1AHIAZQBkACAAUgBlAGEAcwBvAG4AaQBuAGcAIABBAGIAbwB1AHQAIABBAGMAdABvAHIAIABTAHkAcwB0AGUAbQBzAC4AcABkAGYADwAQAAcARwByAHkAcABoAG8AbgASAFhVc2Vycy90YWt1by9Ecm9wYm94L0RvY3VtZW50cy9QYXBlcnMvTXVzc2VyL1N0cnVjdHVyZWQgUmVhc29uaW5nIEFib3V0IEFjdG9yIFN5c3RlbXMucGRmABMAAS8AABUAAgAM//8AAIAG0hscHR5aJGNsYXNzbmFtZVgkY2xhc3Nlc11OU011dGFibGVEYXRhox0fIFZOU0RhdGFYTlNPYmplY3TSGxwiI1xOU0RpY3Rpb25hcnmiIiBfEA9OU0tleWVkQXJjaGl2ZXLRJidUcm9vdIABAAgAEQAaACMALQAyADcAQABGAE0AVQBgAGcAagBsAG4AcQBzAHUAdwCEAI4AywDQANgC7ALuAvMC/gMHAxUDGQMgAykDLgM7Az4DUANTA1gAAAAAAAACAQAAAAAAAAAoAAAAAAAAAAAAAAAAAAADWg==}}

@inproceedings{Garnock-Jones:2014aa,
	Author = {Tony Garnock-Jones and Sam Tobin-Hochstadt and Matthias Felleisen},
	Booktitle = {Programming Languages and Systems (ESOP 2014)},
	Date-Added = {2014-07-22 07:45:07 +0000},
	Date-Modified = {2014-07-22 07:47:46 +0000},
	Doi = {10.1007/978-3-642-54833-8_25},
	Keywords = {actor, Coq, verification},
	Pages = {473--492},
	Publisher = {Springer-Verlag},
	Series = {Lecture Notes in Computer Science},
	Title = {The Network as a Language Construct},
	Url = {http://www.ccs.neu.edu/home/tonyg/esop2014/},
	Volume = {8410},
	Year = {2014},
	Bdsk-File-1 = {YnBsaXN0MDDUAQIDBAUGJCVYJHZlcnNpb25YJG9iamVjdHNZJGFyY2hpdmVyVCR0b3ASAAGGoKgHCBMUFRYaIVUkbnVsbNMJCgsMDxJXTlMua2V5c1pOUy5vYmplY3RzViRjbGFzc6INDoACgAOiEBGABIAFgAdccmVsYXRpdmVQYXRoWWFsaWFzRGF0YV8QPFBhcGVycy9HYXJub2NrLUpvbmVzL1RoZSBOZXR3b3JrIGFzIGEgTGFuZ3VhZ2UgQ29uc3RydWN0LnBkZtIXCxgZV05TLmRhdGFPEQIWAAAAAAIWAAIAAAdHcnlwaG9uAAAAAAAAAAAAAAAAAAAAAAAAAADOeF5ISCsAAAGUbNkfVGhlIE5ldHdvcmsgYXMgYSBMYSMxOTQ2Q0Q0LnBkZgAAAAAAAAAAAAAAAAAAAAAAAAAAAAAAAAAAAAAAAAAAAZRs1M/0RhkAAAAAAAAAAAABAAQAAAkgAAAAAAAAAAAAAAAAAAAADUdhcm5vY2stSm9uZXMAABAACAAAznffuAAAABEACAAAz/PHiQAAAAEAGAGUbNkAIZ5jACEDCAAhAtQABPrEAAISdQACAGBHcnlwaG9uOlVzZXJzOgB0YWt1bzoARHJvcGJveDoARG9jdW1lbnRzOgBQYXBlcnM6AEdhcm5vY2stSm9uZXM6AFRoZSBOZXR3b3JrIGFzIGEgTGEjMTk0NkNENC5wZGYADgBQACcAVABoAGUAIABOAGUAdAB3AG8AcgBrACAAYQBzACAAYQAgAEwAYQBuAGcAdQBhAGcAZQAgAEMAbwBuAHMAdAByAHUAYwB0AC4AcABkAGYADwAQAAcARwByAHkAcABoAG8AbgASAFpVc2Vycy90YWt1by9Ecm9wYm94L0RvY3VtZW50cy9QYXBlcnMvR2Fybm9jay1Kb25lcy9UaGUgTmV0d29yayBhcyBhIExhbmd1YWdlIENvbnN0cnVjdC5wZGYAEwABLwAAFQACAAz//wAAgAbSGxwdHlokY2xhc3NuYW1lWCRjbGFzc2VzXU5TTXV0YWJsZURhdGGjHR8gVk5TRGF0YVhOU09iamVjdNIbHCIjXE5TRGljdGlvbmFyeaIiIF8QD05TS2V5ZWRBcmNoaXZlctEmJ1Ryb290gAEACAARABoAIwAtADIANwBAAEYATQBVAGAAZwBqAGwAbgBxAHMAdQB3AIQAjgDNANIA2gL0AvYC+wMGAw8DHQMhAygDMQM2A0MDRgNYA1sDYAAAAAAAAAIBAAAAAAAAACgAAAAAAAAAAAAAAAAAAANi}}

@inproceedings{Yonezawa:1986aa,
	Author = {Akinori Yonezawa and Jean-Pierre Briot and Etsuya Shibayama},
	Booktitle = {OOPSLA '86 Conference Proceedings on Object-Oriented Programming Systems, Languages and Applications},
	Date-Added = {2013-01-30 03:21:48 +0000},
	Date-Modified = {2013-01-30 03:23:20 +0000},
	Doi = {10.1145/960112.28722},
	Keywords = {ABCL, concurrent object},
	Pages = {258--268},
	Title = {Object-Oriented Concurrent Programming in {ABCL/1}},
	Year = {1986},
	Bdsk-File-1 = {YnBsaXN0MDDUAQIDBAUGJCVYJHZlcnNpb25YJG9iamVjdHNZJGFyY2hpdmVyVCR0b3ASAAGGoKgHCBMUFRYaIVUkbnVsbNMJCgsMDxJXTlMua2V5c1pOUy5vYmplY3RzViRjbGFzc6INDoACgAOiEBGABIAFgAdccmVsYXRpdmVQYXRoWWFsaWFzRGF0YV8QRFBhcGVycy9Zb25lemF3YS9PYmplY3QtT3JpZW50ZWQgQ29uY3VycmVudCBQcm9ncmFtbWluZyBpbiBBQkNMLTEucGRm0hcLGBlXTlMuZGF0YU8RAi4AAAAAAi4AAgAAB0dyeXBob24AAAAAAAAAAAAAAAAAAAAAAAAAAM54XkhIKwAAACGjNR9PYmplY3QtT3JpZW50ZWQgQ29uYyMyMUEzMzcucGRmAAAAAAAAAAAAAAAAAAAAAAAAAAAAAAAAAAAAAAAAAAAAIaM3zS7BCQAAAAAAAAAAAAEABAAACSAAAAAAAAAAAAAAAAAAAAAIWW9uZXphd2EAEAAIAADOd9+4AAAAEQAIAADNLkJ5AAAAAQAYACGjNQAhnmMAIQMIACEC1AAE+sQAAhJ1AAIAW0dyeXBob246VXNlcnM6AHRha3VvOgBEcm9wYm94OgBEb2N1bWVudHM6AFBhcGVyczoAWW9uZXphd2E6AE9iamVjdC1PcmllbnRlZCBDb25jIzIxQTMzNy5wZGYAAA4AagA0AE8AYgBqAGUAYwB0AC0ATwByAGkAZQBuAHQAZQBkACAAQwBvAG4AYwB1AHIAcgBlAG4AdAAgAFAAcgBvAGcAcgBhAG0AbQBpAG4AZwAgAGkAbgAgAEEAQgBDAEwALQAxAC4AcABkAGYADwAQAAcARwByAHkAcABoAG8AbgASAGJVc2Vycy90YWt1by9Ecm9wYm94L0RvY3VtZW50cy9QYXBlcnMvWW9uZXphd2EvT2JqZWN0LU9yaWVudGVkIENvbmN1cnJlbnQgUHJvZ3JhbW1pbmcgaW4gQUJDTC0xLnBkZgATAAEvAAAVAAIADP//AACABtIbHB0eWiRjbGFzc25hbWVYJGNsYXNzZXNdTlNNdXRhYmxlRGF0YaMdHyBWTlNEYXRhWE5TT2JqZWN00hscIiNcTlNEaWN0aW9uYXJ5oiIgXxAPTlNLZXllZEFyY2hpdmVy0SYnVHJvb3SAAQAIABEAGgAjAC0AMgA3AEAARgBNAFUAYABnAGoAbABuAHEAcwB1AHcAhACOANUA2gDiAxQDFgMbAyYDLwM9A0EDSANRA1YDYwNmA3gDewOAAAAAAAAAAgEAAAAAAAAAKAAAAAAAAAAAAAAAAAAAA4I=}}

@incollection{Sirjani:2011aa,
	Author = {Marjan Sirjani and Mohammad Mahdi Jaghoori},
	Booktitle = {Formal Modeling: Actors, Open Systems, Biological Systems},
	Date-Added = {2011-11-15 10:20:24 +0000},
	Date-Modified = {2012-04-25 12:01:08 +0000},
	Doi = {10.1007/978-3-642-24933-4_3},
	Editor = {Gul Agha and Olivier Danvy and Jos{\'e} Meseguer},
	Keywords = {Rebeca, Actor, concurrency, verification, model checking, abstraction},
	Pages = {20--56},
	Publisher = {Springer-Verlag},
	Series = {Lecture Notes in Computer Science},
	Title = {Ten Years of Analyzing Actors: Rebeca Experience},
	Volume = {7000},
	Year = {2011},
	Bdsk-File-1 = {YnBsaXN0MDDUAQIDBAUGJCVYJHZlcnNpb25YJG9iamVjdHNZJGFyY2hpdmVyVCR0b3ASAAGGoKgHCBMUFRYaIVUkbnVsbNMJCgsMDxJXTlMua2V5c1pOUy5vYmplY3RzViRjbGFzc6INDoACgAOiEBGABIAFgAdccmVsYXRpdmVQYXRoWWFsaWFzRGF0YV8QQlBhcGVycy9TaXJqYW5pL1RlbiBZZWFycyBvZiBBbmFseXppbmcgQWN0b3JzIFJlYmVjYSBFeHBlcmllbmNlLnBkZtIXCxgZV05TLmRhdGFPEQIoAAAAAAIoAAIAAAdHcnlwaG9uAAAAAAAAAAAAAAAAAAAAAAAAAADOeF5ISCsAAAAhonsfVGVuIFllYXJzIG9mIEFuYWx5emkjMjFBMjdFLnBkZgAAAAAAAAAAAAAAAAAAAAAAAAAAAAAAAAAAAAAAAAAAACGifsrobKgAAAAAAAAAAAABAAQAAAkgAAAAAAAAAAAAAAAAAAAAB1NpcmphbmkAABAACAAAznffuAAAABEACAAAyufuGAAAAAEAGAAhonsAIZ5jACEDCAAhAtQABPrEAAISdQACAFpHcnlwaG9uOlVzZXJzOgB0YWt1bzoARHJvcGJveDoARG9jdW1lbnRzOgBQYXBlcnM6AFNpcmphbmk6AFRlbiBZZWFycyBvZiBBbmFseXppIzIxQTI3RS5wZGYADgBoADMAVABlAG4AIABZAGUAYQByAHMAIABvAGYAIABBAG4AYQBsAHkAegBpAG4AZwAgAEEAYwB0AG8AcgBzACAAUgBlAGIAZQBjAGEAIABFAHgAcABlAHIAaQBlAG4AYwBlAC4AcABkAGYADwAQAAcARwByAHkAcABoAG8AbgASAGBVc2Vycy90YWt1by9Ecm9wYm94L0RvY3VtZW50cy9QYXBlcnMvU2lyamFuaS9UZW4gWWVhcnMgb2YgQW5hbHl6aW5nIEFjdG9ycyBSZWJlY2EgRXhwZXJpZW5jZS5wZGYAEwABLwAAFQACAAz//wAAgAbSGxwdHlokY2xhc3NuYW1lWCRjbGFzc2VzXU5TTXV0YWJsZURhdGGjHR8gVk5TRGF0YVhOU09iamVjdNIbHCIjXE5TRGljdGlvbmFyeaIiIF8QD05TS2V5ZWRBcmNoaXZlctEmJ1Ryb290gAEACAARABoAIwAtADIANwBAAEYATQBVAGAAZwBqAGwAbgBxAHMAdQB3AIQAjgDTANgA4AMMAw4DEwMeAycDNQM5A0ADSQNOA1sDXgNwA3MDeAAAAAAAAAIBAAAAAAAAACgAAAAAAAAAAAAAAAAAAAN6}}

@book{Agha:1986aa,
	Author = {Gul Agha},
	Date-Added = {2013-08-18 08:01:53 +0000},
	Date-Modified = {2013-08-18 08:03:23 +0000},
	Keywords = {actor, distributed system, concurrency, semantics},
	Publisher = {MIT Press},
	Title = {Actors: A Model of Concurrent Computation in Distributed Systems},
	Url = {http://mitpress.mit.edu/books/actors},
	Year = {1986},
	Bdsk-Url-1 = {http://mitpress.mit.edu/books/actors}}

@article{Agha:1997aa,
	Author = {Gul Agha and Ian A. Mason and Scott F. Smith and Carolyn Talcott},
	Date-Added = {2011-06-17 21:15:59 +0900},
	Date-Modified = {2013-08-18 07:46:31 +0000},
	Journal = {Journal of Functional Programming},
	Keywords = {Actor, semantics, concurrency},
	Number = {1},
	Pages = {1--72},
	Title = {A foundation for actor computation},
	Volume = {7},
	Year = {1997},
	Bdsk-File-1 = {YnBsaXN0MDDUAQIDBAUGJCVYJHZlcnNpb25YJG9iamVjdHNZJGFyY2hpdmVyVCR0b3ASAAGGoKgHCBMUFRYaIVUkbnVsbNMJCgsMDxJXTlMua2V5c1pOUy5vYmplY3RzViRjbGFzc6INDoACgAOiEBGABIAFgAdccmVsYXRpdmVQYXRoWWFsaWFzRGF0YV8QMlBhcGVycy9BZ2hhL0EgZm91bmRhdGlvbiBmb3IgYWN0b3IgY29tcHV0YXRpb24ucGRm0hcLGBlXTlMuZGF0YU8RAfgAAAAAAfgAAgAAB0dyeXBob24AAAAAAAAAAAAAAAAAAAAAAAAAAM54XkhIKwAAACGehx9BIGZvdW5kYXRpb24gZm9yIGFjdCMyMTlFODgucGRmAAAAAAAAAAAAAAAAAAAAAAAAAAAAAAAAAAAAAAAAAAAAIZ6IyiF1YQAAAAAAAAAAAAEABAAACSAAAAAAAAAAAAAAAAAAAAAEQWdoYQAQAAgAAM5337gAAAARAAgAAMog9tEAAAABABgAIZ6HACGeYwAhAwgAIQLUAAT6xAACEnUAAgBXR3J5cGhvbjpVc2VyczoAdGFrdW86AERyb3Bib3g6AERvY3VtZW50czoAUGFwZXJzOgBBZ2hhOgBBIGZvdW5kYXRpb24gZm9yIGFjdCMyMTlFODgucGRmAAAOAE4AJgBBACAAZgBvAHUAbgBkAGEAdABpAG8AbgAgAGYAbwByACAAYQBjAHQAbwByACAAYwBvAG0AcAB1AHQAYQB0AGkAbwBuAC4AcABkAGYADwAQAAcARwByAHkAcABoAG8AbgASAFBVc2Vycy90YWt1by9Ecm9wYm94L0RvY3VtZW50cy9QYXBlcnMvQWdoYS9BIGZvdW5kYXRpb24gZm9yIGFjdG9yIGNvbXB1dGF0aW9uLnBkZgATAAEvAAAVAAIADP//AACABtIbHB0eWiRjbGFzc25hbWVYJGNsYXNzZXNdTlNNdXRhYmxlRGF0YaMdHyBWTlNEYXRhWE5TT2JqZWN00hscIiNcTlNEaWN0aW9uYXJ5oiIgXxAPTlNLZXllZEFyY2hpdmVy0SYnVHJvb3SAAQAIABEAGgAjAC0AMgA3AEAARgBNAFUAYABnAGoAbABuAHEAcwB1AHcAhACOAMMAyADQAswCzgLTAt4C5wL1AvkDAAMJAw4DGwMeAzADMwM4AAAAAAAAAgEAAAAAAAAAKAAAAAAAAAAAAAAAAAAAAzo=}}


@inproceedings{Agha:2004aa,
  Author = {Gul Agha and Prasanna Thati},
  Booktitle = {From Object-Orientation to Formal Methods},
  Pages = {26--57},
  Publisher = {Springer-Verlag},
  Series = {Lecture Notes in Computer Science},
  Title = {{An Algebraic Theory of Actors and Its Application to a Simple Object-Based Language}},
  Volume = {2635},
  Year = {2004}}


@book{Milner:pi,
 author = {Milner, Robin},
 title = {Communicating and Mobile Systems: The $\pi$-calculus},
 year = {1999},
 isbn = {0-521-65869-1},
 publisher = {Cambridge University Press},
 address = {New York, NY, USA},
}
@misc{PolyadicPi,
  Author = {Robin Milner},
  Title = {The Polyadic \pi -Calculus: a Tutorial},
  Year = {1991}}

@misc{fourcolors,
  Author = {Georges Gonthier},
  Title = {{A computer-checked proof of the Four Colour Theorem}},
  Year = {2004}}

@unpublished{fourcolor,
  author = {Georges Gonthier},
  title = {{A computer-checked proof of the Four-Colour Theorem}},
  year = {2004},
  keywords = {graph coloring problem, theoretical analyses},
  url = {http://research.microsoft.com/~gonthier/}
}

@inproceedings{fourcolor2,
  author    = {Georges Gonthier},
  title     = {The Four Colour Theorem: Engineering of a Formal Proof},
  booktitle = {ASCM},
  year      = {2007},
  pages     = {333},
  ee        = {http://dx.doi.org/10.1007/978-3-540-87827-8_28},
  bibsource = {DBLP, http://dblp.uni-trier.de}}


@misc{Coq,
title = {The Coq Proof Assistant},
key = {Coq},
howpublished = "\url{http://coq.inria.fr/}"
}

@misc{api,
title = {{A formalization of A$\pi$-calculus}},
key = {Api},
howpublished = "\url{https://github.com/amutake/a-pi}"}

@inproceedings{W90,
	Address = {Tokyo},
	Author = {和田久美子},
	Booktitle = {Proc. KL1 Programming Workshop '90},
	Date-Added = {2013-06-18 08:09:35 +0000},
	Date-Modified = {2013-06-18 08:40:50 +0000},
	Organization = {{ICOT}},
	Pages = {42--49},
	Title = {スプレイ木の並列データ探索},
	Year = {1990},
	Yomi = {Kumiko Wada}}

@article{T85,
	Author = {Tarjan, R. E.},
	Date-Added = {2013-06-18 08:08:36 +0000},
	Date-Modified = {2013-06-18 08:09:33 +0000},
	Journal = {{SIAM} J. Alg. Disc. Math.},
	Number = {2},
	Pages = {306--318},
	Title = {Amortized Computational Complexity},
	Volume = {6},
	Year = {1990}}

@article{S89,
	Author = {E. Shapiro},
	Date-Added = {2013-06-18 08:07:49 +0000},
	Date-Modified = {2013-06-18 08:40:18 +0000},
	Journal = {{ACM} Computing Surveys},
	Number = {3},
	Pages = {413--510},
	Title = {The Family of Concurrent Logic Programming Languages},
	Volume = {21},
	Year = {1989}}

@article{ST85,
	Author = {Sleator, D. D. and Tarjan, R. E.},
	Date-Added = {2013-06-18 08:06:46 +0000},
	Date-Modified = {2013-06-18 08:07:46 +0000},
	Journal = {{J. ACM}},
	Number = {3},
	Pages = {652--686},
	Title = {Self-Adjusting Binary Search Trees},
	Volume = {32},
	Year = {1985}}

@inproceedings{LS86,
	Author = {Lanin, V. and Shasha, D.},
	Booktitle = {Proc. 1986 Fall Joint Computer Conference},
	Date-Added = {2013-06-18 08:04:45 +0000},
	Date-Modified = {2013-06-18 08:41:53 +0000},
	Organization = {{IEEE}},
	Pages = {380--389},
	Title = {A Symmetric Concurrent B-Tree Algorithm},
	Year = {1986}}
